<?xml version="1.0" encoding="UTF-8"?><collection xmlns="http://www.loc.gov/MARC21/slim"><record><leader>00488nam--2200181-i-4500</leader><controlfield tag="001">000017370</controlfield><controlfield tag="002">20161230</controlfield><controlfield tag="005">20161230201032</controlfield><controlfield tag="008">060222s1000------------r-----000-0-rum-d</controlfield><datafield ind1=" " ind2=" " tag="040"><subfield code="a">IFIN-HH</subfield></datafield><datafield ind1=" " ind2=" " tag="041"><subfield code="a">rum</subfield></datafield><datafield ind1=" " ind2=" " tag="080"><subfield code="a">533.92(043)</subfield></datafield><datafield ind1="1" ind2=" " tag="100"><subfield code="a">Diplasu, Constantin</subfield></datafield><datafield ind1="1" ind2="0" tag="245"><subfield code="a">Studiul proceselor fizice in descarcari pulsate ultrascurte. teza</subfield><subfield code="c">Constantin diplasu</subfield></datafield><datafield ind1=" " ind2=" " tag="260"><subfield code="a">Bucuresti, I.F.A., 1998</subfield></datafield><datafield ind1=" " ind2=" " tag="300"><subfield code="a">111 P</subfield></datafield><datafield ind1=" " ind2=" " tag="852"><subfield code="a">80889</subfield><subfield code="c">533.9</subfield></datafield><datafield ind1=" " ind2=" " tag="CAT"><subfield code="a">Sys</subfield><subfield code="c">20101004</subfield><subfield code="h">152925</subfield></datafield></record></collection>